@manual{intel2017man,
  author       = {{Intel Corporation}},
  title        = {Intel 64 and IA-32 Architectures Software Developer’s Manual},
  year         = {2016},
  month        = apr,
  organization = {Intel Corporation},
  note         = {\url{http://www.intel.com/content/www/us/en/processors/architectures-software-developer-manuals.html},
   visited 2017-08-19}
}

@manual{rvspec,
  editor       = {Andrew Waterman and Krste Asanović},
  title        = {The RISC-V Instruction Set Manual, Volume I: User-Level ISA, Document Version 20191213},
  year         = {2019},
  month        = dec,
  organization = {RISC-V Foundation},
  note         = {\url{https://github.com/riscv/riscv-isa-manual/releases/}, visited 2021-09-19}
}

@inproceedings{RISCvCISC,
  author    = {George, A.D.},
  booktitle = {[1990] Proceedings. The Twenty-Second Southeastern Symposium on System Theory},
  title     = {An overview of RISC vs. CISC},
  year      = {1990},
  volume    = {},
  number    = {},
  pages     = {436-438},
  doi       = {10.1109/SSST.1990.138185}
}
